<collection xmlns="http://www.loc.gov/MARC21/slim" xmlns:xsi="http://www.w3.org/2001/XMLSchema-instance" xsi:schemaLocation="http://www.loc.gov/standards/marcxml/schema/MARC21slim.xsd">
    <record xmlns="http://www.loc.gov/MARC21/slim">
        <leader>05334ctm a2200685Ia 4500</leader>
        <controlfield tag="001">14214038</controlfield>
        <controlfield tag="005">20220422145756.0</controlfield>
        <controlfield tag="008">190712s1141 sy 000 0 ara d</controlfield>
        <datafield ind1=" " ind2=" " tag="035">
            <subfield code="a">(OCoLC)on1108337990</subfield>
        </datafield>
        <datafield ind1=" " ind2=" " tag="040">
            <subfield code="a">ZCU</subfield>
            <subfield code="b">eng</subfield>
            <subfield code="e">amremm</subfield>
            <subfield code="c">ZCU</subfield>
        </datafield>
        <datafield tag="035" ind1=" " ind2=" ">
            <subfield code="a">(NNC)14214038</subfield>
        </datafield>
        <datafield ind1=" " ind2=" " tag="099">
            <subfield code="a">X893.7 Ib66</subfield>
        </datafield>
        <datafield ind1=" " ind2=" " tag="049">
            <subfield code="a">ZCUA</subfield>
        </datafield>
        <datafield ind1="1" ind2=" " tag="100">
            <subfield code="6">880-01</subfield>
            <subfield code="a">Ibn ʻAsākir, ʻAlī ibn al-Ḥasan,</subfield>
            <subfield code="d">1105-1176.</subfield>
        </datafield>
        <datafield ind1="1" ind2="0" tag="240">
            <subfield code="6">880-02</subfield>
            <subfield code="a">Tārīkh madīnat Dimashq.</subfield>
            <subfield code="k">Selections</subfield>
        </datafield>
        <datafield ind1="1" ind2="3" tag="245">
            <subfield code="6">880-03</subfield>
            <subfield code="a">al-Juzʼ... min kitāb Tārīkh madīnat Dimashq.</subfield>
        </datafield>
        <datafield ind1="1" ind2="8" tag="246">
            <subfield code="a">Kitab Tarikh Madinat Dimashk</subfield>
        </datafield>
        <datafield ind1=" " ind2="0" tag="264">
            <subfield code="c">approximately 1141.</subfield>
        </datafield>
        <datafield ind1=" " ind2=" " tag="300">
            <subfield code="a">iv, 202, iv leaves :</subfield>
            <subfield code="b">laid paper ;</subfield>
            <subfield code="c">235 x 160 (195 x 127 ) mm, bound to 277 x 195 mm</subfield>
        </datafield>
        <datafield ind1=" " ind2=" " tag="336">
            <subfield code="a">text</subfield>
            <subfield code="b">txt</subfield>
            <subfield code="2">rdacontent</subfield>
        </datafield>
        <datafield ind1=" " ind2=" " tag="337">
            <subfield code="a">unmediated</subfield>
            <subfield code="b">n</subfield>
            <subfield code="2">rdamedia</subfield>
        </datafield>
        <datafield ind1=" " ind2=" " tag="338">
            <subfield code="a">volume</subfield>
            <subfield code="b">nc</subfield>
            <subfield code="2">rdacarrier</subfield>
        </datafield>
        <datafield ind1=" " ind2=" " tag="340">
            <subfield code="d">manuscript</subfield>
        </datafield>
        <datafield ind1=" " ind2=" " tag="500">
            <subfield code="a">Manuscript codex.</subfield>
        </datafield>
        <datafield ind1=" " ind2=" " tag="520">
            <subfield code="a">Parts 325-333 of the history of the city of Damascus by Ibn ʻAsākir,
                contains parts of the sections on people with the name ʻUthmān; includes several
                readers&apos; notes and transmission notes. The leaves have been silked and remounted
                onto pages measuring 267 x 178 mm.</subfield>
        </datafield>
        <datafield ind1=" " ind2=" " tag="530">
            <subfield code="a">Also available as a digital facsimile.</subfield>
        </datafield>
        <datafield ind1=" " ind2=" " tag="546">
            <subfield code="a">Arabic.</subfield>
        </datafield>
        <datafield ind1=" " ind2=" " tag="500">
            <subfield code="a">Title from title page (f. 1r)</subfield>
        </datafield>
        <datafield ind1="0" ind2=" " tag="505">
            <subfield code="a">1. f. 1v-19v: al-Juzʼ al-khāmis wa-al-ʻishrūn baʻda al-thalāthmiʼah min
                kitāb Tārīkh madīnat Dimashq -- 2. f. 22r-40v: al-Juzʼ al-sādis wa-al-ʻishrūn baʻda
                al-thalāthmiʼah min kitāb Tārīkh madīnat Dimashq -- 3. f. 42r-61r: al-Juzʼ al-sābiʻ
                wa-al-ʻishrūn baʻda al-thalāthmiʼah min kitāb Tārīkh madīnat Dimashq -- 4. f. 63r-82r:
                al-Juzʼ al-thāmin wa-al-ʻishrūn baʻda al-thalāthmiʼah min kitāb Tārīkh madīnat Dimashq
                -- 5. f. 84r-103r: al-Juzʼ al-tāsiʻ wa-al-ʻishrūn baʻda al-thalāthmiʼah min kitāb Tārīkh
                madīnat Dimashq -- 6. 105r-124r: al-Juzʼ al-thalāthūn baʻda al-thalāthmiʼah min kitāb
                Tārīkh madīnat Dimashq -- 7. f. 126r-144v: al-Juzʼ al-ḥādī wa-al-thalāthūn baʻda
                al-thalāthmiʼah min kitāb Tārīkh madīnat Dimashq -- 8. f. 147r-165v: al-Juzʼ al-thānī
                wa-al-thalāthūn baʻda al-thalāthmiʼah min kitāb Tārīkh madīnat Dimashq -- 9. f.
                167r-186r: al-Juzʼ al-thālith wa-al-thalāthūn baʻda al-thalāthmiʼah min kitāb Tārīkh
                madīnat Dimashq -- 10. f. 187r-202v: [Section beginning with the entry for ʻUthmān ibn
                Abī al-ʻĀtikah, Sulaymān Abū Ḥafṣ]</subfield>
        </datafield>
        <datafield ind1=" " ind2=" " tag="500">
            <subfield code="a">Layout: 24-26 long lines.</subfield>
        </datafield>
        <datafield ind1=" " ind2=" " tag="500">
            <subfield code="a">Script: Written in naskh in black ink; mostly unpointed.</subfield>
        </datafield>
        <datafield ind1=" " ind2=" " tag="500">
            <subfield code="a">Decoration: Titles in larger script.</subfield>
        </datafield>
        <datafield ind1=" " ind2=" " tag="500">
            <subfield code="a">Origin: The item is undated, though transmission notes place the copy in
                the 12th century; the first transmission note says the copy was heard read by the author
                on 21 Rabīʻ al-Awwal in the Mosque of Damascus in 536 AH (31 October 1141 CE) (f.
                20r).</subfield>
        </datafield>
        <datafield ind1=" " ind2=" " tag="500">
            <subfield code="a">Shelfmark: X893.7 Ib66.</subfield>
        </datafield>
        <datafield ind1=" " ind2=" " tag="563">
            <subfield code="a">Bound in modern cardboard half covers with marbled paper sides, red
                leather spine and corners; same marbled paper pastedowns.</subfield>
        </datafield>
        <datafield ind1=" " ind2=" " tag="500">
            <subfield code="a">Readers&apos; notes and transmission notes (f. 20r-20v, 22r, 41r-42r,
                61r-61v, 63r, 82r-82v, 84r, 103r-104v, 105r, 124r-124v, 126r, 145r-145v, 147r,
                166r-167r, 186r-186v)</subfield>
        </datafield>
        <datafield ind1=" " ind2=" " tag="500">
            <subfield code="a">Miscellaneous notes laid in at end. The exhibition label from the
                2012-2013 Chang Octagon exhibition &quot;Collecting Oriental Books for the Columbia
                University Libraries, 1886-1936&quot; was written by Dagmar A. Riedel.</subfield>
        </datafield>
        <datafield ind1="4" ind2=" " tag="510">
            <subfield code="a">Martinovitch, Nicholas N. &quot;Arabic, Persian and Turkish
                Manuscripts in the Columbia University Library.&quot; Journal of the American
                Oriental Society,</subfield>
            <subfield code="c">Vol. 49, (1929), p. 225.</subfield>
        </datafield>
        <datafield ind1="1" ind2=" " tag="541">
            <subfield code="a">Purchased in Cairo by Richard Gottheil through the Alexander I. Cotheal
                fund in 1896 (note in pencil laid in and library bookplate inside front
                cover).</subfield>
        </datafield>
        <datafield ind1="0" ind2=" " tag="544">
            <subfield code="d">Or. 12.644 ([A fragment only of Taʼrikh Madinat Dimashq]);</subfield>
            <subfield code="e">also located at;</subfield>
            <subfield code="a">Leiden University Library, Special Collections.</subfield>
        </datafield>
        <datafield ind1="0" ind2=" " tag="588">
            <subfield code="a">Item cataloged from digital facsimile and existing
                description.</subfield>
        </datafield>
        <datafield ind1=" " ind2="0" tag="650">
            <subfield code="a">Manuscripts, Arabic.</subfield>
        </datafield>
        <datafield ind1=" " ind2="0" tag="651">
            <subfield code="a">Damascus (Syria)</subfield>
            <subfield code="v">Biography</subfield>
            <subfield code="v">Early works to 1800.</subfield>
        </datafield>
        <datafield ind1=" " ind2="0" tag="651">
            <subfield code="a">Damascus (Syria)</subfield>
            <subfield code="x">History</subfield>
            <subfield code="v">Early works to 1800.</subfield>
        </datafield>
        <datafield ind1=" " ind2="7" tag="655">
            <subfield code="a">Codices (bound manuscripts)</subfield>
            <subfield code="2">aat</subfield>
        </datafield>
        <datafield ind1=" " ind2="7" tag="655">
            <subfield code="a">Manuscripts (documents)</subfield>
            <subfield code="2">aat</subfield>
        </datafield>
        <datafield ind1=" " ind2="7" tag="655">
            <subfield code="a">Notes (documents)</subfield>
            <subfield code="2">aat</subfield>
        </datafield>
        <datafield ind1=" " ind2="7" tag="655">
            <subfield code="a">Annotations (Provenance)</subfield>
            <subfield code="2">rbprov</subfield>
        </datafield>
        <datafield ind1=" " ind2="7" tag="655">
            <subfield code="a">Insertions (Provenance)</subfield>
            <subfield code="2">rbprov</subfield>
        </datafield>
        <datafield ind1="1" ind2=" " tag="700">
            <subfield code="a">Cotheal, Alexander Isaac,</subfield>
            <subfield code="d">1804-1894,</subfield>
            <subfield code="e">associated name.</subfield>
        </datafield>
        <datafield ind1="1" ind2=" " tag="700">
            <subfield code="a">Gottheil, Richard J. H.</subfield>
            <subfield code="q">(Richard James Horatio),</subfield>
            <subfield code="d">1862-1936,</subfield>
            <subfield code="e">associated name.</subfield>
        </datafield>
        <datafield ind1="2" ind2=" " tag="710">
            <subfield code="a">Muslim World Manuscripts (Columbia University. Rare Book and Manuscript
                Library)</subfield>
            <subfield code="5">NNC</subfield>
        </datafield>
        <datafield ind1="4" ind2="1" tag="856">
            <subfield code="z">Digital facsimile in OPenn</subfield>
            <subfield code="u">http://openn.library.upenn.edu/Data/0032/html/X893_7_Ib66.html</subfield>
        </datafield>
        <datafield ind1="1" ind2=" " tag="880">
            <subfield code="6">100-01/r</subfield>
            <subfield code="a">ابن عساكر، علي بن الحسن،</subfield>
            <subfield code="d">1105-1176.</subfield>
        </datafield>
        <datafield ind1="1" ind2="0" tag="880">
            <subfield code="6">240-02/r</subfield>
            <subfield code="a">تاريخ مدينة دمشق.</subfield>
            <subfield code="k">Selections</subfield>
        </datafield>
        <datafield ind1="1" ind2="2" tag="880">
            <subfield code="6">245-03/r</subfield>
            <subfield code="a">الجزء...من كتاب تاريخ مدينة دمشق.</subfield>
        </datafield>
        <datafield ind1=" " ind2=" " tag="965">
            <subfield code="a">Codexmss</subfield>
        </datafield>
        <datafield ind1="1" ind2=" " tag="948">
            <subfield code="a">20190712</subfield>
            <subfield code="b">o</subfield>
            <subfield code="c">mch2167</subfield>
            <subfield code="d">OSMC</subfield>
        </datafield>
        <datafield tag="852" ind1=" " ind2=" ">
            <subfield code="a">Columbia University.</subfield>
            <subfield code="b">Rare Book and Manuscript Library</subfield>
            <subfield code="e">New York, NY. 10027</subfield>
            <subfield code="n">nyu</subfield>
            <subfield code="u">https://clio.columbia.edu/catalog/14214038</subfield>
        </datafield>
        <datafield ind1=" " ind2=" " tag="991">
            <subfield code="a">MS X893.7 Ib66</subfield>
            <subfield code="b">rbx+MS----------+X893+70000000+00000000+IB660000</subfield>
        </datafield>
        <datafield ind1=" " ind2=" " tag="992">
            <subfield code="a">Rare Book</subfield>
            <subfield code="b">Rare Book, Butler 6th Fl. East (Non-Circulating) &gt;&gt; MS X893.7
                Ib66|DELIM|17046193</subfield>
        </datafield>
        <datafield ind1=" " ind2=" " tag="995">
            <subfield code="a">catalog</subfield>
        </datafield>
        <datafield ind1=" " ind2=" " tag="997">
            <subfield code="a">2019-07-12T00:00:00.000Z</subfield>
        </datafield>
    </record>
</collection>
